<?xml version="1.0" encoding="UTF-8"?><collection xmlns="http://www.loc.gov/MARC21/slim"><record><leader>00554nam--2200181-i-4500</leader><controlfield tag="001">000020693</controlfield><controlfield tag="002">20161230</controlfield><controlfield tag="005">20161230201033</controlfield><controlfield tag="008">060222s1000------------r-----000-0-eng-d</controlfield><datafield ind1=" " ind2=" " tag="020"><subfield code="a">3540186972</subfield></datafield><datafield ind1=" " ind2=" " tag="080"><subfield code="a">512.81</subfield></datafield><datafield ind1="1" ind2=" " tag="100"><subfield code="a">Onishchik, A.L (Ed.)</subfield></datafield><datafield ind1="1" ind2="0" tag="245"><subfield code="a">Lie groups and lie algebras i</subfield><subfield code="b">Foundations of lietheory. lie transformation groups</subfield><subfield code="c">A.L. Onishchik (Ed.)</subfield></datafield><datafield ind1=" " ind2=" " tag="260"><subfield code="a">Berlin</subfield><subfield code="b">Springer-verlag</subfield><subfield code="c">1993</subfield></datafield><datafield ind1=" " ind2=" " tag="300"><subfield code="a">235 P</subfield></datafield><datafield ind1=" " ind2=" " tag="490"><subfield code="a">Encyclopedia Of Mathematical Science</subfield><subfield code="v">vol. 20</subfield></datafield><datafield ind1=" " ind2=" " tag="852"><subfield code="a">80387</subfield><subfield code="c">517.5</subfield></datafield><datafield ind1=" " ind2=" " tag="CAT"><subfield code="a">Sys</subfield><subfield code="c">20110311</subfield><subfield code="h">103234</subfield></datafield></record></collection>